%% This BibTeX bibliography file was created using BibDesk.
%% https://bibdesk.sourceforge.io/

%% Created for Julian Hayduk at 2022-11-29 15:26:19 +0100 


%% Saved with string encoding Unicode (UTF-8) 



@manual{sample,
	address = {https://moodle.tu-dortmund.de/pluginfile.php/2084985/mod_resource/content/1/V302.pdf},
	author = {TU Dortmund},
	date-modified = {2022-11-29 15:26:09 +0100},
	title = {V302: Br{\"u}ckenschaltungen},
	year = 2022}
