%% This BibTeX bibliography file was created using BibDesk.
%% https://bibdesk.sourceforge.io/

%% Created for Julian Hayduk at 2022-11-28 10:56:11 +0100 


%% Saved with string encoding Unicode (UTF-8) 



@manual{sample,
	address = {https://moodle.tu-dortmund.de/pluginfile.php/2084987/mod_resource/content/1/V308.pdf},
	author = {TU Dortmund},
	date-modified = {2022-11-28 10:56:06 +0100},
	title = {V308: Spulen und Magnetfelder},
	year = 2022}
